<?xml version="1.0" encoding="UTF-8"?>
<OAI-PMH xmlns="http://www.openarchives.org/OAI/2.0/" xmlns:xsi="http://www.w3.org/2001/XMLSchema-instance" xsi:schemaLocation="http://www.openarchives.org/OAI/2.0/ http://www.openarchives.org/OAI/2.0/OAI-PMH.xsd">
<ListRecords>
<record>
<header status="updated">
<identifier>urm_publish:71299252180002121</identifier>
</header>
<metadata>
<record xmlns="http://www.loc.gov/MARC21/slim" xmlns:xsi="http://www.w3.org/2001/XMLSchema-instance" xsi:schemaLocation="http://www.loc.gov/MARC21/slim http://www.loc.gov/standards/marcxml/schema/MARC21slim.xsd" ><leader>01366nam a2200385   4500</leader><controlfield tag="005">19990604123926.0</controlfield><controlfield tag="008">770831s1960    dcu          f000 0 eng  </controlfield><controlfield tag="001">999750194502121</controlfield><datafield tag="010" ind1=" " ind2=" "><subfield code="a">   60062172 </subfield></datafield><datafield tag="035" ind1=" " ind2=" "><subfield code="a">(OCoLC)03232526</subfield></datafield><datafield tag="035" ind1=" " ind2=" "><subfield code="9">ATC9396UW</subfield></datafield><datafield tag="035" ind1=" " ind2=" "><subfield code="a">(WU)3172221-uwmadisondb</subfield></datafield><datafield tag="037" ind1=" " ind2=" "><subfield code="a">GAZGNCEYLON</subfield><subfield code="b">DMA</subfield></datafield><datafield tag="040" ind1=" " ind2=" "><subfield code="a">WU</subfield><subfield code="b">eng</subfield><subfield code="c">WU</subfield><subfield code="d">SER</subfield><subfield code="d">GPO</subfield><subfield code="d">DLC</subfield><subfield code="d">MGPO</subfield></datafield><datafield tag="043" ind1=" " ind2=" "><subfield code="a">a-ce---</subfield></datafield><datafield tag="050" ind1="0" ind2=" "><subfield code="a">DS488.9</subfield><subfield code="b">.U5</subfield></datafield><datafield tag="074" ind1=" " ind2=" "><subfield code="a">617 (MF)</subfield></datafield><datafield tag="082" ind1=" " ind2=" "><subfield code="a">915.489</subfield></datafield><datafield tag="086" ind1="0" ind2=" "><subfield code="a">D 5.319:C 33/2</subfield></datafield><datafield tag="245" ind1="0" ind2="0"><subfield code="a">Ceylon, official standard names approved by the U.S. Board on Geographic Names /</subfield><subfield code="c">prepared in the Office of Geography, Department of the Interior.</subfield></datafield><datafield tag="264" ind1=" " ind2="1"><subfield code="a">Washington, D.C. :</subfield><subfield code="b">The Office,</subfield><subfield code="c">[1964]</subfield></datafield><datafield tag="300" ind1=" " ind2=" "><subfield code="a">iii, 359 pages :</subfield><subfield code="b">map ;</subfield><subfield code="c">21 x 28 cm.</subfield></datafield><datafield tag="336" ind1=" " ind2=" "><subfield code="a">text</subfield><subfield code="b">txt</subfield><subfield code="2">rdacontent</subfield></datafield><datafield tag="337" ind1=" " ind2=" "><subfield code="a">unmediated</subfield><subfield code="b">n</subfield><subfield code="2">rdamedia</subfield></datafield><datafield tag="338" ind1=" " ind2=" "><subfield code="a">volume</subfield><subfield code="b">nc</subfield><subfield code="2">rdacarrier</subfield></datafield><datafield tag="490" ind1="1" ind2=" "><subfield code="a">Gazetteer ;</subfield><subfield code="v">no. 49</subfield></datafield><datafield tag="500" ind1=" " ind2=" "><subfield code="a">Distributed to depository libraries in microfiche.</subfield></datafield><datafield tag="500" ind1=" " ind2=" "><subfield code="a">No longer available for sale by the Supt. of Docs.</subfield></datafield><datafield tag="500" ind1=" " ind2=" "><subfield code="a">"June 1960."</subfield></datafield><datafield tag="650" ind1=" " ind2="0"><subfield code="a">Names, Geographical</subfield><subfield code="z">Sri Lanka.</subfield><subfield code="2">LCSH</subfield><subfield code="0">41-LIBRARY_OF_CONGRESS-sh 85089606</subfield><subfield code="9">Y</subfield></datafield><datafield tag="651" ind1=" " ind2="0"><subfield code="a">Sri Lanka</subfield><subfield code="x">Gazetteers.</subfield><subfield code="2">LCSH</subfield></datafield><datafield tag="710" ind1="2" ind2=" "><subfield code="a">United States Board on Geographic Names.</subfield><subfield code="2">LCNAMES</subfield><subfield code="0">41-LIBRARY_OF_CONGRESS-n  79113042</subfield><subfield code="9">Y</subfield></datafield><datafield tag="710" ind1="1" ind2=" "><subfield code="a">United States.</subfield><subfield code="b">Office of Geography.</subfield><subfield code="2">LCNAMES</subfield><subfield code="0">41-LIBRARY_OF_CONGRESS-n  80020691</subfield><subfield code="9">Y</subfield></datafield><datafield tag="830" ind1=" " ind2="0"><subfield code="a">Gazetteer (United States Board on Geographic Names) ;</subfield><subfield code="v">no. 49.</subfield></datafield><datafield tag="997" ind1=" " ind2=" "><subfield code="a">MARCIVE</subfield></datafield><datafield tag="650" ind1=" " ind2="0"><subfield code="a">Geographic names</subfield><subfield code="2">LCSH</subfield><subfield code="0">41-LIBRARY_OF_CONGRESS-sh 85089606</subfield><subfield code="9">N</subfield></datafield><datafield tag="650" ind1=" " ind2="0"><subfield code="a">Geographical names</subfield><subfield code="2">LCSH</subfield><subfield code="0">41-LIBRARY_OF_CONGRESS-sh 85089606</subfield><subfield code="9">N</subfield></datafield><datafield tag="650" ind1=" " ind2="0"><subfield code="a">Place names</subfield><subfield code="2">LCSH</subfield><subfield code="0">41-LIBRARY_OF_CONGRESS-sh 85089606</subfield><subfield code="9">N</subfield></datafield><datafield tag="650" ind1=" " ind2="0"><subfield code="a">Placenames</subfield><subfield code="2">LCSH</subfield><subfield code="0">41-LIBRARY_OF_CONGRESS-sh 85089606</subfield><subfield code="9">N</subfield></datafield><datafield tag="650" ind1=" " ind2="0"><subfield code="a">Toponyms</subfield><subfield code="2">LCSH</subfield><subfield code="0">41-LIBRARY_OF_CONGRESS-sh 85089606</subfield><subfield code="9">N</subfield></datafield><datafield tag="650" ind1=" " ind2="0"><subfield code="w">g</subfield><subfield code="a">Names</subfield><subfield code="2">LCSH</subfield><subfield code="0">41-LIBRARY_OF_CONGRESS-sh 85089606</subfield><subfield code="9">R</subfield></datafield><datafield tag="650" ind1=" " ind2="0"><subfield code="a">Geography</subfield><subfield code="v">Terminology</subfield><subfield code="2">LCSH</subfield><subfield code="0">41-LIBRARY_OF_CONGRESS-sh 85089606</subfield><subfield code="9">R</subfield></datafield><datafield tag="650" ind1=" " ind2="0"><subfield code="a">Toponymy</subfield><subfield code="2">LCSH</subfield><subfield code="0">41-LIBRARY_OF_CONGRESS-sh 85089606</subfield><subfield code="9">R</subfield></datafield><datafield tag="710" ind1="1" ind2=" "><subfield code="a">United States.</subfield><subfield code="b">Department of the Interior.</subfield><subfield code="b">Office of Geography</subfield><subfield code="2">LCNAMES</subfield><subfield code="0">41-LIBRARY_OF_CONGRESS-n  80020691</subfield><subfield code="9">N</subfield></datafield><datafield tag="710" ind1="1" ind2=" "><subfield code="a">United States.</subfield><subfield code="b">Geography, Office of</subfield><subfield code="2">LCNAMES</subfield><subfield code="0">41-LIBRARY_OF_CONGRESS-n  80020691</subfield><subfield code="9">N</subfield></datafield><datafield tag="710" ind1="1" ind2=" "><subfield code="w">a</subfield><subfield code="a">United States.</subfield><subfield code="b">Department of the Interior.</subfield><subfield code="b">Division of Geography</subfield><subfield code="2">LCNAMES</subfield><subfield code="0">41-LIBRARY_OF_CONGRESS-n  80020691</subfield><subfield code="9">R</subfield></datafield><datafield tag="710" ind1="1" ind2=" "><subfield code="w">b</subfield><subfield code="a">United States.</subfield><subfield code="b">Geographic Names Division</subfield><subfield code="2">LCNAMES</subfield><subfield code="0">41-LIBRARY_OF_CONGRESS-n  80020691</subfield><subfield code="9">R</subfield></datafield><datafield tag="710" ind1="1" ind2=" "><subfield code="w">r</subfield><subfield code="i">Hierarchical superior:</subfield><subfield code="a">United States.</subfield><subfield code="b">Department of the Interior</subfield><subfield code="2">LCNAMES</subfield><subfield code="0">41-LIBRARY_OF_CONGRESS-n  80020691</subfield><subfield code="9">R</subfield></datafield><datafield tag="710" ind1="2" ind2=" "><subfield code="a">BGN</subfield><subfield code="2">LCNAMES</subfield><subfield code="0">41-LIBRARY_OF_CONGRESS-n  79113042</subfield><subfield code="9">N</subfield></datafield><datafield tag="710" ind1="2" ind2=" "><subfield code="a">U.S. Board on Geographic Names</subfield><subfield code="2">LCNAMES</subfield><subfield code="0">41-LIBRARY_OF_CONGRESS-n  79113042</subfield><subfield code="9">N</subfield></datafield><datafield tag="710" ind1="2" ind2=" "><subfield code="w">nna</subfield><subfield code="a">United States.</subfield><subfield code="b">Board on Geographic Names</subfield><subfield code="2">LCNAMES</subfield><subfield code="0">41-LIBRARY_OF_CONGRESS-n  79113042</subfield><subfield code="9">N</subfield></datafield><datafield tag="710" ind1="2" ind2=" "><subfield code="a">United States.</subfield><subfield code="b">Department of the Interior.</subfield><subfield code="b">Board on Geographic Names</subfield><subfield code="2">LCNAMES</subfield><subfield code="0">41-LIBRARY_OF_CONGRESS-n  79113042</subfield><subfield code="9">N</subfield></datafield><datafield tag="710" ind1="2" ind2=" "><subfield code="a">United States.</subfield><subfield code="b">Department of the Interior.</subfield><subfield code="b">Division of Geographic Names</subfield><subfield code="2">LCNAMES</subfield><subfield code="0">41-LIBRARY_OF_CONGRESS-n  79113042</subfield><subfield code="9">N</subfield></datafield><datafield tag="710" ind1="2" ind2=" "><subfield code="a">US BGN</subfield><subfield code="2">LCNAMES</subfield><subfield code="0">41-LIBRARY_OF_CONGRESS-n  79113042</subfield><subfield code="9">N</subfield></datafield><datafield tag="710" ind1="2" ind2=" "><subfield code="a">USBGN</subfield><subfield code="2">LCNAMES</subfield><subfield code="0">41-LIBRARY_OF_CONGRESS-n  79113042</subfield><subfield code="9">N</subfield></datafield><datafield tag="710" ind1="2" ind2=" "><subfield code="a">United States Board on Geographical Names</subfield><subfield code="2">LCNAMES</subfield><subfield code="0">41-LIBRARY_OF_CONGRESS-n  79113042</subfield><subfield code="9">R</subfield></datafield><datafield tag="710" ind1="2" ind2=" "><subfield code="a">United States Geographic Board</subfield><subfield code="2">LCNAMES</subfield><subfield code="0">41-LIBRARY_OF_CONGRESS-n  79113042</subfield><subfield code="9">R</subfield></datafield><datafield tag="710" ind1="2" ind2=" "><subfield code="w">r</subfield><subfield code="i">Mergee:</subfield><subfield code="a">United States.</subfield><subfield code="b">Department of the Interior.</subfield><subfield code="b">Advisory Committee on Geographic Names</subfield><subfield code="2">LCNAMES</subfield><subfield code="0">41-LIBRARY_OF_CONGRESS-n  79113042</subfield><subfield code="9">R</subfield></datafield><datafield tag="INST" ind1=" " ind2=" "><subfield code="a">01UWI_NETWORK</subfield><subfield code="b">P</subfield><subfield code="c">71299252180002121</subfield></datafield><datafield tag="INST" ind1=" " ind2=" "><subfield code="a">01UWI_MAD</subfield><subfield code="b">P</subfield><subfield code="c">21585112000002122</subfield></datafield><datafield tag="INST" ind1=" " ind2=" "><subfield code="a">01UWI_ML</subfield><subfield code="b">P</subfield><subfield code="c">21212315460002124</subfield></datafield><datafield tag="INST" ind1=" " ind2=" "><subfield code="a">01UWI_SF</subfield><subfield code="b">P</subfield><subfield code="c">2133675770002130</subfield></datafield><datafield tag="AVA" ind1=" " ind2=" "><subfield code="0">9931722213602122</subfield><subfield code="8">22854727580002122</subfield><subfield code="a">01UWI_MAD</subfield><subfield code="b">REMOTE</subfield><subfield code="c">by request only</subfield><subfield code="d">G104 U5 Ceylon</subfield><subfield code="e">available</subfield><subfield code="f">1</subfield><subfield code="g">0</subfield><subfield code="j">vsf</subfield><subfield code="k">0</subfield><subfield code="p">1</subfield><subfield code="q">Verona Shelving Facility</subfield></datafield><datafield tag="AVA" ind1=" " ind2=" "><subfield code="0">9914723733402124</subfield><subfield code="8">22212315450002124</subfield><subfield code="a">01UWI_ML</subfield><subfield code="b">MIL</subfield><subfield code="c">Stacks</subfield><subfield code="d">DS488.9 .U5 1960</subfield><subfield code="e">available</subfield><subfield code="f">1</subfield><subfield code="g">0</subfield><subfield code="j">stk</subfield><subfield code="k">0</subfield><subfield code="p">1</subfield><subfield code="q">UW Milwaukee</subfield></datafield><datafield tag="AVA" ind1=" " ind2=" "><subfield code="0">994248873602130</subfield><subfield code="8">2233675760002130</subfield><subfield code="a">01UWI_SF</subfield><subfield code="b">SP</subfield><subfield code="c">US Government Documents (6th floor)</subfield><subfield code="d">D 5.319:C 33/2 fiche</subfield><subfield code="e">check_holdings</subfield><subfield code="j">docus</subfield><subfield code="k">3</subfield><subfield code="p">1</subfield><subfield code="q">UW Stevens Point Library</subfield></datafield><datafield tag="MMS" ind1=" " ind2=" "><subfield code="b">999750194502121</subfield><subfield code="a">01UWI_NETWORK</subfield></datafield><datafield tag="MMS" ind1=" " ind2=" "><subfield code="b">9931722213602122</subfield><subfield code="a">01UWI_MAD</subfield></datafield><datafield tag="MMS" ind1=" " ind2=" "><subfield code="b">9914723733402124</subfield><subfield code="a">01UWI_ML</subfield></datafield><datafield tag="MMS" ind1=" " ind2=" "><subfield code="b">994248873602130</subfield><subfield code="a">01UWI_SF</subfield></datafield></record>
</metadata>
</record>
</ListRecords>
</OAI-PMH>